@MISC{minimization1,
  title = {Lecture 6: State Minimization in Finite Automata},
  author = {Shuchi Chawla},
  howpublished = {\url{http://pages.cs.wisc.edu/~shuchi/courses/520-S08/handouts/Lec6.pdf}},
  note = {Accessed: 05/07/2012}
}

@MISC{minimization2,
  title = {Lecture 7: State Minimization in Finite Automata},
  author = {Shuchi Chawla},
  howpublished = {\url{http://pages.cs.wisc.edu/~shuchi/courses/520-S08/handouts/Lec7.pdf}},
  note = {Accessed: 05/07/2012}
}

@MISC{minimization3,
  title = {Table-Filling Algorithmus},
  author = {Prof. Andr√© Schulz},
  howpublished = {\url{http://wwwmath.uni-muenster.de/logik/Personen/Schulz/BETHWIKI/index.php/Table-Filling_Algorithmus}},
  note = {Accessed: 05/07/2012}
}

@MISC{StackExBrzozowski,
	title = {How to convert finite automata to regular expressions - {Brzozowski} algebraic method},
	author = {{jmad}},
	howpublished = {\url{http://cs.stackexchange.com/a/2392/1997}},
	note = {Accessed: 05/08/2012}
}

@MISC{RegExPOSIX,
  title = {{IEEE Std 1003.1, 2004 Edition - Regular Expressions}},
  author = {{The IEEE and The Open Group}},
  howpublished = {\url{http://pubs.opengroup.org/onlinepubs/009695399/basedefs/xbd_chap09.html}},
  note = {Accessed: 05/08/2012}
}

@MISC{RegExPERL,
  title = {{Perl Programming Documentation - Regular Expressions}},
  author = {{The Perl 5 Porters}},
  howpublished = {\url{http://perldoc.perl.org/perlre.html}},
  note = {Accessed: 05/08/2012}
}

@MISC{RegExShiftReduce,
  title = {{Wikipedia - Shift-reduce parser}},
  author = {{Wikipedia contributors}},
  publisher = {Wikipedia, The Free Encyclopedia},
  howpublished = {\url{http://en.wikipedia.org/wiki/Shift-reduce_parser}},
  note = {Accessed: 05/08/2012}
}

@MISC{minimization4,
  author = {Joseph Southern},
  title = {Equivalence and Minimization of Deterministic Finite Automata},
  howpublished = {\url{http://adammikeal.org/courses/compute/presentations/DFA_minimization.ppt}},
  note = {Accessed: 06/08/2012}
}

@MISC{minimization5,
  author = {David Forster},
  title = {Introduction to the Theory of Computation},
  howpublished = {\url{http://www.cse.yorku.ca/course_archive/2001-02/S/2001B/lectures/gh.pdf}},
  note = {Accessed: 06/08/2012}
}
